@book{dingman,
  title={Physical hydrology},
  author={Dingman, S Lawrence},
  year={2015},
  publisher={Waveland press}
}