@book{dingman,
  title={Physical hydrology},
  author={Dingman, S Lawrence},
  year={2015},
  publisher={Waveland press}
}

@book{hillel2005,
  title={Encyclopedia of Soils in the Environment},
  author={Hillel, Daniel and Hatfield, Jerry L},
  volume={3},
  year={2005},
  publisher={Elsevier Amsterdam}
}